@article{classification,
title = {Comprehensive Study of Software Testing: Categories, Levels, Techniques, and Types},
author = {Mubarak Albarka Umar},
language = {English},
month = {June},
year = {2020},
publisher = {ResearchGate},
}

@article{interet,
author          = {Azeem Uddin,Abhineet Anand},
journal         = {International Journal for Scientific Research and Development},
number          = {},
title           = {Importance of Software Testing in the Process of Software Development},
volume          = {6},
year            = {2019},
issn= {2321-0613},
}

@book{SoftwareQualityEngineering,
title={Software Quality Engineering, Testing Quality Assurance and  quantifiable improvement },
author={Jeff Tian },
year={2005},
edition={Wilson},
isbn={ 9780471722335, 0471722332},
pages={pp. 74-83}
}

@book{AgileTesting,
title={AGILE TESTING A practical guide for testers and agile teams},
author={Lisa Crispin and Janet Gregory},
year={2008},
edition={R.R. Donnelley in Crawfordsville},
isbn={978-0-321-53446-0},
pages={pp. 74-83}
}

@article{automation,
title = {Quantitative Analysis of Automation and Manual Testing},
author = {R. M. Sharma},
language = {English},
month = {July},
year = {2014},
issn= {9001:2008},
publisher = {ResearchGate},
pages= {pp. 252-253},
journalsubtitle = {International Journal of Engineering and innovative Technology (IJEIT)},

}


@article{automation2,
title = {Cost Benefits Analysis of Test Automation},
author = {Douglas Hoffman},
language = {English},
year = {1999},
publisher = {agileconnection.com},
pages= {pp. 13},
}


@book{agileBasedTesting,
title={Trends in Software Testing },
author={Hrushikesha Mohanty et J.R. MohantyArunkumar Balakrishnan },
year={2017},
edition={Springer},
isbn={ 978-981-10-1414-7},
pages={pp. 74-83}
}

@article{Bdd,
title = {Comparative Study of Test-Driven Development (TDD),Behavior-Driven Development (BDD) and Acceptance Test–Driven Development (ATDD)},
author = {Myint Myint Moe},
journal = {SIAM Journal on Numerical Analysis},
volume = {3},
month           = {June},
pages = {pp. 231-232},
ISSN = { 2456 - 6470},
language = {English},
year = {2019},
publisher = { www.ijtsrd.com},
journalsubtitle = {International Journal of Trend in Scientific Research and Development (IJTSRD)},
}
@book{AtddBook,
title={ATDD by Example A Practical Guide to Acceptance Test-Driven Development},
author={Markus Gärtner},
year={2012},
edition={Addison-Wesley},
isbn={978-0-321-78415-5},
pages={pp. 140-146}
}
@book{BddInAction,
title={BDD in Action,Behavior-Driven Development for
the whole software lifecycle},
author         = {John Ferguson Smart},
editor         = {MANNING},
pages={pp. 144-170},
year           = {2015}
}

@book{cftl,
title={Les tests logiciels en agile},
author={Marc Hage Chahine,Bruno Legeard,Julien Van Quackebeke},
editor         = {le Comité Français du Test Logiciel},
language       = {Français},
isbn           = {978-2-9567490-0-4},
}

@online{xrayDocs,
title={XRAY Documentation},
author={XRAY},
url={https://docs.getxray.app/display/XRAY/Getting+started},
note={(accédé 07/01/2023)},
year={2019}
}

@online{cucumberDocs,
title={Cucumber Documentation},
author={Cucumber},
url={https://cucumber.io/docs/cucumber/}
}


@article{glossaire,
author          = {Erik van Veenendaal},
journal         = {Comité Français des Tests Logiciels},
title           = {Glossaire CFTL/ISTQB des termes utilisés en
tests de logiciels},
year            = {2007}
}


@book{incremtalTesting,
title={Agile testing foundations an ISTQB level agile tester guide},
editor={Rex Black},
isbn = { 978-1-78017-33-75},
year={2017}
}